%%%%%%%%%% GINSIM %%%%%%%%%%%%%%
@article{naldi2018logical,
  title={Logical modeling and analysis of cellular regulatory networks with GINsim 3.0},
  author={Naldi, Aur{\'e}lien and Hernandez, C{\'e}line and Abou-Jaoud{\'e}, Wassim and Monteiro, Pedro T and Chaouiya, Claudine and Thieffry, Denis},
  journal={Frontiers in physiology},
  volume={9},
  pages={646},
  year={2018},
  publisher={Frontiers Media SA}
}
@article{gonzalez2006ginsim,
  title={GINsim: a software suite for the qualitative modelling, simulation and analysis of regulatory networks},
  author={Gonzalez, A Gonzalez and Naldi, Aur{\'e}lien and Sanchez, Lucas and Thieffry, Denis and Chaouiya, Claudine},
  journal={Biosystems},
  volume={84},
  number={2},
  pages={91--100},
  year={2006},
  publisher={Elsevier}
}
%%%%%% BioLQM
@article{naldi2018biolqm,
  title={BioLQM: a java toolkit for the manipulation and conversion of logical qualitative models of biological networks},
  author={Naldi, Aur{\'e}lien},
  journal={Frontiers in physiology},
  volume={9},
  pages={382371},
  year={2018},
  publisher={Frontiers}
}


%%%%%%%%%% Logical models %%%%%%%%%
@article{abou2016logical,
  title={Logical modeling and dynamical analysis of cellular networks},
  author={Abou-Jaoud{\'e}, Wassim and Traynard, Pauline and Monteiro, Pedro T and Saez-Rodriguez, Julio and Helikar, Tom{\'a}{\v{s}} and Thieffry, Denis and Chaouiya, Claudine},
  journal={Frontiers in genetics},
  volume={7},
  pages={188073},
  year={2016},
  publisher={Frontiers}
}
@article{naldi2018colomoto,
  title={The CoLoMoTo interactive notebook: accessible and reproducible computational analyses for qualitative biological networks},
  author={Naldi, Aur{\'e}lien and Hernandez, C{\'e}line and Levy, Nicolas and Stoll, Gautier and Monteiro, Pedro T and Chaouiya, Claudine and Helikar, Tom{\'a}{\v{s}} and Zinovyev, Andrei and Calzone, Laurence and Cohen-Boulakia, Sarah and others},
  journal={Frontiers in physiology},
  volume={9},
  pages={680},
  year={2018},
  publisher={Frontiers Media SA}
}

%%%% SCENIC - in Background
%%%%% pySCENIC
@article{van2020scalable,
  title={A scalable SCENIC workflow for single-cell gene regulatory network analysis},
  author={Van de Sande, Bram and Flerin, Christopher and Davie, Kristofer and De Waegeneer, Maxime and Hulselmans, Gert and Aibar, Sara and Seurinck, Ruth and Saelens, Wouter and Cannoodt, Robrecht and Rouchon, Quentin and others},
  journal={Nature protocols},
  volume={15},
  number={7},
  pages={2247--2276},
  year={2020},
  publisher={Nature Publishing Group UK London}
}



%%%%%% Flybase
@article{thurmond2019flybase,
  title={FlyBase 2.0: the next generation},
  author={Thurmond, Jim and Goodman, Joshua L and Strelets, Victor B and Attrill, Helen and Gramates, L Sian and Marygold, Steven J and Matthews, Beverley B and Millburn, Gillian and Antonazzo, Giulia and Trovisco, Vitor and others},
  journal={Nucleic acids research},
  volume={47},
  number={D1},
  pages={D759--D765},
  year={2019},
  publisher={Oxford University Press}
}


%%%%%% Cytoscape
@article{shannon2003cytoscape,
  title={Cytoscape: a software environment for integrated models of biomolecular interaction networks},
  author={Shannon, Paul and Markiel, Andrew and Ozier, Owen and Baliga, Nitin S and Wang, Jonathan T and Ramage, Daniel and Amin, Nada and Schwikowski, Benno and Ideker, Trey},
  journal={Genome research},
  volume={13},
  number={11},
  pages={2498--2504},
  year={2003},
  publisher={Cold Spring Harbor Lab}
}