@article{BrittenDavidson1969,
   author = {Roy J. Britten and Eric H. Davidson},
   issn = {0036-8075},
   issue = {3891},
   journal = {Science},
   month = {7},
   pages = {349-357},
   title = {Gene Regulation for Higher Cels: A Theory},
   volume = {165},
   year = {1969},
}

%%%% GRN %%%%%%
% General

@misc{Wilczynski2010,
   abstract = {Development is regulated by dynamic patterns of gene expression, which are orchestrated through the action of complex gene regulatory networks (GRNs). Substantial progress has been made in modeling transcriptional regulation in recent years, including qualitative "coarse-grain" models operating at the gene level to very "fine-grain" quantitative models operating at the biophysical "transcription factor-DNA level". Recent advances in genome-wide studies have revealed an enormous increase in the size and complexity or GRNs. Even relatively simple developmental processes can involve hundreds of regulatory molecules, with extensive interconnectivity and cooperative regulation. This leads to an explosion in the number of regulatory functions, effectively impeding Boolean-based qualitative modeling approaches. At the same time, the lack of information on the biophysical properties for the majority of transcription factors within a global network restricts quantitative approaches. In this review, we explore the current challenges in moving from modeling medium scale well-characterized networks to more poorly characterized global networks. We suggest to integrate coarse- and find-grain approaches to model gene regulatory networks in cis. We focus on two very well-studied examples from Drosophila, which likely represent typical developmental regulatory modules across metazoans. Â© 2009 Elsevier Inc.},
   author = {Bartek Wilczynski and Eileen E.M. Furlong},
   doi = {10.1016/j.ydbio.2009.10.032},
   issn = {1095564X},
   issue = {2},
   journal = {Developmental Biology},
   keywords = {CRMs,Developmental networks,Drosophila,Gene regulatory networks,Modeling,Transcriptional networks},
   pages = {161-169},
   publisher = {Academic Press Inc.},
   title = {Challenges for modeling global gene regulatory networks during development: Insights from Drosophila},
   volume = {340},
   year = {2010},
}

@article{chai2014review,
  title={A review on the computational approaches for gene regulatory network construction},
  author={Chai, Lian En and Loh, Swee Kuan and Low, Swee Thing and Mohamad, Mohd Saberi and Deris, Safaai and Zakaria, Zalmiyah},
  journal={Computers in biology and medicine},
  volume={48},
  pages={55--65},
  year={2014},
  publisher={Elsevier}
}

@article{latchman1993transcription,
  title={Transcription factors: an overview.},
  author={Latchman, David S},
  journal={International journal of experimental pathology},
  volume={74},
  number={5},
  pages={417},
  year={1993},
  publisher={Wiley-Blackwell}
}


%In Development 
@article{levine2005gene,
  title={Gene regulatory networks for development},
  author={Levine, Michael and Davidson, Eric H},
  journal={Proceedings of the National Academy of Sciences},
  volume={102},
  number={14},
  pages={4936--4942},
  year={2005},
  publisher={National Acad Sciences}
}
% levine2005gene citations:
@article{small1992regulation,
  title={Regulation of even-skipped stripe 2 in the Drosophila embryo.},
  author={Small, Stephen and Blair, Adrienne and Levine, Michael},
  journal={The EMBO journal},
  volume={11},
  number={11},
  pages={4047--4057},
  year={1992}
}
@book{davidson2001genomic,
  title={Genomic regulatory systems: in development and evolution},
  author={Davidson, Eric H},
  year={2001},
  publisher={Elsevier}
}
@article{gray1994short,
  title={Short-range repression permits multiple enhancers to function autonomously within a complex promoter.},
  author={Gray, Susan and Szymanski, Paul and Levine, Michael},
  journal={Genes \& development},
  volume={8},
  number={15},
  pages={1829--1838},
  year={1994},
  publisher={Cold Spring Harbor Lab}
}


% Boolean Modeling
@article{kauffman1969metabolic,
  title={Metabolic stability and epigenesis in randomly constructed genetic nets},
  author={Kauffman, Stuart A},
  journal={Journal of theoretical biology},
  volume={22},
  number={3},
  pages={437--467},
  year={1969},
  publisher={Elsevier}
}
@article{glass1972co,
  title={Co-operative components, spatial localization and oscillatory cellular dynamics},
  author={Glass, Leon and Kauffman, Stuart A},
  journal={Journal of theoretical biology},
  volume={34},
  number={2},
  pages={219--237},
  year={1972},
  publisher={Elsevier}
}
@article{thomas1991regulatory,
  title={Regulatory networks seen as asynchronous automata: a logical description},
  author={Thomas, Ren{\'e}},
  journal={Journal of theoretical biology},
  volume={153},
  number={1},
  pages={1--23},
  year={1991},
  publisher={Elsevier}
}
@article{samaga2013modeling,
  title={Modeling approaches for qualitative and semi-quantitative analysis of cellular signaling networks},
  author={Samaga, Regina and Klamt, Steffen},
  journal={Cell communication and signaling},
  volume={11},
  pages={1--19},
  year={2013},
  publisher={Springer}
}

@article{karlebach2008modelling,
  title={Modelling and analysis of gene regulatory networks},
  author={Karlebach, Guy and Shamir, Ron},
  journal={Nature reviews Molecular cell biology},
  volume={9},
  number={10},
  pages={770--780},
  year={2008},
  publisher={Nature Publishing Group UK London}
}
@article{wang2012boolean,
  title={Boolean modeling in systems biology: an overview of methodology and applications},
  author={Wang, Rui-Sheng and Saadatpour, Assieh and Albert, Reka},
  journal={Physical biology},
  volume={9},
  number={5},
  pages={055001},
  year={2012},
  publisher={IOP Publishing}
}

%%%%% GRN inference - background
@article{badia2023gene,
  title={Gene regulatory network inference in the era of single-cell multi-omics},
  author={Badia-i-Mompel, Pau and Wessels, Lorna and M{\"u}ller-Dott, Sophia and Trimbour, R{\'e}mi and Ramirez Flores, Ricardo O and Argelaguet, Ricard and Saez-Rodriguez, Julio},
  journal={Nature Reviews Genetics},
  volume={24},
  number={11},
  pages={739--754},
  year={2023},
  publisher={Nature Publishing Group UK London}
}
@article{nguyen2021comprehensive,
  title={A comprehensive survey of regulatory network inference methods using single cell RNA sequencing data},
  author={Nguyen, Hung and Tran, Duc and Tran, Bang and Pehlivan, Bahadir and Nguyen, Tin},
  journal={Briefings in bioinformatics},
  volume={22},
  number={3},
  pages={bbaa190},
  year={2021},
  publisher={Oxford University Press}
}
%%% SC 
@article{mercatelli2020gene,
  title={Gene regulatory network inference resources: A practical overview},
  author={Mercatelli, Daniele and Scalambra, Laura and Triboli, Luca and Ray, Forest and Giorgi, Federico M},
  journal={Biochimica et Biophysica Acta (BBA)-Gene Regulatory Mechanisms},
  volume={1863},
  number={6},
  pages={194430},
  year={2020},
  publisher={Elsevier}
}
@article{klein2015droplet,
  title={Droplet barcoding for single-cell transcriptomics applied to embryonic stem cells},
  author={Klein, Allon M and Mazutis, Linas and Akartuna, Ilke and Tallapragada, Naren and Veres, Adrian and Li, Victor and Peshkin, Leonid and Weitz, David A and Kirschner, Marc W},
  journal={Cell},
  volume={161},
  number={5},
  pages={1187--1201},
  year={2015},
  publisher={Elsevier}
}
@article{macosko2015highly,
  title={Highly parallel genome-wide expression profiling of individual cells using nanoliter droplets},
  author={Macosko, Evan Z and Basu, Anindita and Satija, Rahul and Nemesh, James and Shekhar, Karthik and Goldman, Melissa and Tirosh, Itay and Bialas, Allison R and Kamitaki, Nolan and Martersteck, Emily M and others},
  journal={Cell},
  volume={161},
  number={5},
  pages={1202--1214},
  year={2015},
  publisher={Elsevier}
}
@article{langfelder2008wgcna,
  title={WGCNA: an R package for weighted correlation network analysis},
  author={Langfelder, Peter and Horvath, Steve},
  journal={BMC bioinformatics},
  volume={9},
  pages={1--13},
  year={2008},
  publisher={Springer}
}
% GENIE3
@article{huynh2010inferring,
  title={Inferring regulatory networks from expression data using tree-based methods},
  author={Huynh-Thu, V{\^a}n Anh and Irrthum, Alexandre and Wehenkel, Louis and Geurts, Pierre},
  journal={PloS one},
  volume={5},
  number={9},
  pages={e12776},
  year={2010},
  publisher={Public Library of Science San Francisco, USA}
}
% GRNBoost2
@article{moerman2019grnboost2,
  title={GRNBoost2 and Arboreto: efficient and scalable inference of gene regulatory networks},
  author={Moerman, Thomas and Aibar Santos, Sara and Bravo Gonz{\'a}lez-Blas, Carmen and Simm, Jaak and Moreau, Yves and Aerts, Jan and Aerts, Stein},
  journal={Bioinformatics},
  volume={35},
  number={12},
  pages={2159--2161},
  year={2019},
  publisher={Oxford University Press}
}
% SCENIC
@article{aibar2017scenic,
  title={SCENIC: single-cell regulatory network inference and clustering},
  author={Aibar, Sara and Gonz{\'a}lez-Blas, Carmen Bravo and Moerman, Thomas and Huynh-Thu, V{\^a}n Anh and Imrichova, Hana and Hulselmans, Gert and Rambow, Florian and Marine, Jean-Christophe and Geurts, Pierre and Aerts, Jan and others},
  journal={Nature methods},
  volume={14},
  number={11},
  pages={1083--1086},
  year={2017},
  publisher={Nature Publishing Group}
}
% iCisTarget
@article{herrmann2012cistarget,
  title={i-cisTarget: an i ntegrative genomics method for the prediction of regulatory features and cis-regulatory modules},
  author={Herrmann, Carl and Van de Sande, Bram and Potier, Delphine and Aerts, Stein},
  journal={Nucleic acids research},
  volume={40},
  number={15},
  pages={e114--e114},
  year={2012},
  publisher={Oxford University Press}
}
